@article{mccarthy1960,
	author = {McCarthy, John},
	title = {Recursive Functions of Symbolic Expressions and Their Computation by Machine, Part I},
	journal = {Commununications of the ACM},
	volume = {3},
	number = {4},
	year = {1960},
	issn = {0001-0782},
	pages = {184--195},
	numpages = {12},
	url = {http://doi.acm.org/10.1145/367177.367199},
	doi = {10.1145/367177.367199},
	acmid = {367199},
	publisher = {ACM},
	address = {New York, NY, USA},
}

@book{jones-lins,
	author = {Jones, Richard and Lins, Rafael},
	title = {Gargabe Collection: Algorithms for Automatic Dynamic Memory Management},
	year = {1996},
	isbn = {978-0-471-94148-4},
	publisher = {John Wiley \& Sons},
	location = {Chichester}
}